@article{information_management_in_IoT,
  author  = {Antonio, Celesti and Aimé, Lay-Ekuakille and Jiafu, Wan and Maria, Fazio and Fabrizio, Celesti and Agata, Romano and Placido, Bramanti and Massimo, Villariae}, 
  title   = {Information management in IoT cloud-based tele-rehabilitation as a service for smart cities: Comparison of NoSQL approaches},
  url = {https://www.sciencedirect.com/science/article/abs/pii/S026322411931084X},
  year    = {2019}
}

@article{smart-cities-details-fom-eu,
  author  = {European Commission}, 
  title   = {Smart cities},
  url = {https://ec.europa.eu/info/eu-regional-and-urban-development/topics/cities-and-urban-development/city-initiatives/smart-cities_en},
  year    = {2021}
}

@article{impact_of_smart_city,
  author  = {Oliver, Bubelíny and Milan, Kubina}, 
  title   = {Impact of the concept Smart City on public transport},
  url = {https://www.sciencedirect.com/science/article/pii/S2352146521005366},
  year    = {2021}
}

@article{performance_analysis_SQL_Nosql,
  author  = {Benymol, Josea and Sajimon, Abraham}, 
  title   = {Performance analysis of NoSQL and relational databases with MongoDB and MySQL},
  url = {https://www.sciencedirect.com/science/article/pii/S2352146521005366},
  year    = {2020}
}

@article{spring_in_action,
  author  = {Craig, Walls}, 
  title   = {Spring in action, sixth edition},
  url = {https://www.manning.com/books/spring-in-action-sixth-edition?query=spring%20in%20action},
  year    = {2020}
}

@article{introducing_maven,
  author  = {Balaji, Varanasi}, 
  title   = {Introducing Maven},
  url = {https://www.elefant.ro/introducing-maven-a-build-tool-for-today-s-java-developers-paperback_910e7c07-e1dc-49f3-929a-c43cd4fbc23b?gclid=CjwKCAiA866PBhAYEiwANkIneJGAigsYvQh45r-HsRBQkgLQRRub4ixapGEAN-nG_x7gIySY8V_3LBoC3zcQAvD_BwE},
  year    = {2019}
}

@article{jenkins_esentials,
  author  = {Craig, Walls}, 
  title   = {Spring in action, sixth edition},
  url = {https://www.enbook.ro/catalog/product/view/id/2599795?gclid=CjwKCAiA866PBhAYEiwANkIneAgLSVU1cWBhapKjpnNQseLtBhBMIuKro9-71X1H8TKnGExoPhyblRoCAkwQAvD_BwE},
  year    = {2017}
}

@article{cicd,
  author  = {RedHat}, 
  title   = {RedHat, What is CI/CD? },
  url = {https://www.redhat.com/en/topics/devops/what-is-ci-cd},
  year    = {2021}
}

@article{git,
  author  = {Git}, 
  title   = {About GIT},
  url = {https://git-scm.com/about},
  year    = {2021}
}
